% Encoding: UTF-8

@article{aburto2019upsurge,
  title={Upsurge of Homicides and Its Impact on Life Expectancy and Life Span Inequality in {M}exico, 2005--2015},
  author={Aburto, Jos{\'e} Manuel and Beltr{\'a}n-S{\'a}nchez, Hiram},
  journal={American Journal of Public Health},
  volume={109},
  number={3},
  pages={483--489},
  year={2019},
  publisher={American Public Health Association}
}

@article{Aburto2018Eastern,
  title		= {Lifespan dispersion in times of life expectancy fluctuation: The case of {C}entral and {E}astern {E}urope},
  author	= {Aburto, Jos{\'e} Manuel and van Raalte, Alyson A.},
  journal	= {Demography},
  volume	= {55},
  number	= {6},
  pages		= {2071-2096},
  year		= {2018}
}

@article{aburto2018potential,
  title		= {Potential gains in life expectancy by reducing inequality of lifespans in {D}enmark: An international comparison and cause-of-death analysis},
  author	= {Aburto, Jos{\'e} Manuel and Wensink, Maarten and van Raalte, Alyson and Lindahl-Jacobsen, Rune},
  journal	= {BMC Public Health},
  volume	= {18},
  number	= {1},
  pages		= {831},
  year		= {2018}
}

@article{archer2018diet,
  title		= {Diet has independent effects on the pace and shape of aging in {D}rosophila melanogaster},
  author	= {Archer, C Ruth and Basellini, Ugofilippo and Hunt, John and Simpson, Stephen J and Lee, Kwang Pum and Baudisch, Annette},
  journal	= {Biogerontology},
  volume	= {19},
  number	= {1},
  pages		= {1--12},
  year		= {2018}
}

@article{arriaga1984measuring,
  title		= {Measuring and explaining the change in life expectancies},
  author	= {Arriaga, Eduardo E},
  journal	= {Demography},
  volume	= {21},
  number	= {1},
  pages		= {83--96},
  year		= {1984}
}

@article{Baudisch2011,
   author	= {Baudisch, Annette},
   title	= {The pace and shape of ageing},
   journal	= {Methods in Ecology and Evolution},
   volume	= {2},
   number	= {4},
   pages	= {375--382},
   year		= {2011}
}

@article{baudisch2013pace,
  title		= {The pace and shape of senescence in angiosperms},
  author	= {Baudisch, Annette and Salguero-G{\'o}mez, Roberto and Jones, Owen R and Wrycza, Tomasz and Mbeau-Ache, Cyril and Franco, Miguel and Colchero, Fernando},
  journal	= {Journal of Ecology},
  volume	= {101},
  number	= {3},
  pages		= {596--606},
  year		= {2013}
}

@article{beltran2008integrated,
  title		= {An integrated approach to cause-of-death analysis: Cause-deleted life tables and decompositions of life expectancy},
  author	= {Beltr{\'a}n-S{\'a}nchez, Hiram and Preston, Samuel H and Canudas-Romo, Vladimir},
  journal	= {Demographic Research},
  volume	= {19},
  pages		= {1323--1350},
  year		= {2008}
}

@article{beltran2011unifying,
  title		= {A unifying framework for assessing changes in life expectancy associated with changes in mortality: The case of violent deaths},
  author	= {Beltr{\'a}n-S{\'a}nchez, Hiram and Soneji, Samir},
  journal	= {Theoretical Population Biology},
  volume	= {80},
  number	= {1},
  pages		= {38--48},
  year		= {2011}
}

@article{bronnum2017socially,
	title={Socially disparate trends in lifespan variation: A trend study on income and mortality based on nationwide {D}anish register data},
	author={Br{\o}nnum-Hansen, Henrik},
	journal={BMJ Open},
	volume={7},
	number={5},
	pages={e014489},
	year={2017},
	publisher={British Medical Journal Publishing Group}
}

@article{burger2012human,
	title={Human mortality improvement in evolutionary context},
	author={Burger, Oskar and Baudisch, Annette and Vaupel, James W},
	journal={Proceedings of the National Academy of Sciences},
	volume={109},
	number={44},
	pages={18210--18214},
	year={2012},
	publisher={National Acad Sciences}
}

@article{colchero2016emergence,
  title		= {The emergence of longevous populations},
  author	= {Colchero, Fernando and Rau, Roland and Jones, Owen R and Barthold, Julia A and Conde, Dalia A and Lenart, Adam and N{\'e}meth, L{\'a}szl{\'o} and Scheuerlein, Alexander and Schoeley, Jonas and Torres, Catalina and ... and Alberts, Susan C. and Vaupel, James W.},
  journal	= {Proceedings of the National Academy of Sciences},
  volume	= {113},
  number	= {48},
  pages		= {E7681--E7690},
  year		= {2016}
}

@article{demetrius1974demographic,
  title={Demographic parameters and natural selection},
  author={Demetrius, Lloyd},
  journal={Proceedings of the National Academy of Sciences},
  volume={71},
  number={12},
  pages={4645--4647},
  year={1974},
  publisher={National Acad Sciences}
}

@article{demetrius1978adaptive,
  title		= {Adaptive value, entropy and survivorship curves},
  author	= {Demetrius, Lloyd},
  journal	= {Nature},
  volume	= {275},
  pages		= {213--214},
  year		= {1978}
}

@article{Demetrius1979,
   author	= {Demetrius, Lloyd},
   title	= {Relations between demographic parameters},
   journal	= {Demography},
   volume	= {16},
   number	= {2},
   pages	= {329--338},
   year		= {1979}
}

@article{edwards2005inequality,
  title		= {Inequality in life spans and a new perspective on mortality convergence across industrialized countries},
  author	= {Edwards, Ryan D and Tuljapurkar, Shripad},
  journal	= {Population and Development Review},
  volume	= {31},
  number	= {4},
  pages		= {645--674},
  year		= {2005}
}

@article{Fernandez2015,
  author	= {Fern\'andez, Oscar E and Beltr\'an-S\'anchez, Hiram},
  title		= {The entropy of the life table: A reappraisal},
  journal	= {Theoretical Population Biology},
  volume	= {104},
  pages		= {26-45},
  year		= {2015}
}

@article{gigliarano2017longevity,
  title		= {Longevity and concentration in survival times: The log-scale-location family of failure time models},
  author	= {Gigliarano, Chiara and Basellini, Ugofilippo and Bonetti, Marco},
  journal	= {Lifetime Data Analysis},
  volume	= {23},
  number	= {2},
  pages		= {254--274},
  year		= {2017}
}

@article{Gillespie2014,
  author	= {Gillespie, Duncan O S and Trotter, Meredith V and Tuljapurkar, Shripad D},
  title		= {Divergence in age patterns of mortality change drives international divergence in lifespan inequality},
  journal	= {Demography},
  volume	= {51},
  number	= {3},
  pages		= {1003--1017},
  year		= {2014}
}

@article{Goldman1986,
  author	= {Goldman, Noreen and Lord, Graham},
  title		= {A new look at entropy and the life table},
  journal	= {Demography},
  volume	= {23},
  number	= {2},
  pages		= {275--282},
  year		= {1986}
}

@article{Hakkert1987,
  author	= {Hakkert, Ralph},
  title		= {Life table transformations and inequality measures: Some noteworthy formal relationships},
  journal	= {Demography},
  volume	= {24},
  number	= {4},
  pages		= {615--622},
  year		= {1987}
}

@article{hill1993entropy,
  title		= {The entropy of the survival curve: An alternative measure},
  author	= {Hill, Gerry},
  journal	= {Canadian Studies in Population},
  volume	= {20},
  number	= {1},
  pages		= {43--57},
  year		= {1993}
}

@misc{HMD,
  author	= {{Human Mortality Database}},
  year		= {2018},
  note		= {University of California, Berkeley, and Max Planck Institute for Demographic Research, Rostock. URL \url{http://www.mortality.org}}
}

@book{keyfitz1968introduction,
  title={Introduction to the mathematics of populations},
  author={Keyfitz, Nathan},
  publisher={Addison-Wesley Series in Behavioral Science: Quantitative Methods},
  year={1968}
}

@article{Keyfitz1977,
  author	= {Keyfitz, Nathan},
  title		= {What difference would it make if cancer were eradicated? {A}n examination of the {T}aeuber paradox},
  journal	= {Demography},
  volume	= {14},
  number	= {4},
  pages		= {411--418},
  year		= {1977}
}

@article{missov2013gompertz,
  title={Gompertz-{M}akeham life expectancies: Expressions and applications},
  author={Missov, Trifon I and Lenart, Adam},
  journal={Theoretical Population Biology},
  volume={90},
  pages={29--35},
  year={2013},
  publisher={Elsevier}
}


@article{mitra1978short,
  title		= {A short note on the {T}aeuber paradox},
  author	= {Mitra, S},
  journal	= {Demography},
  volume	= {15},
  number	= {4},
  pages		= {621--623},
  year		= {1978}
}

@article{pollard1988decomposition,
  title		= {On the decomposition of changes in expectation of life and differentials in life expectancy},
  author	= {Pollard, John H},
  journal	= {Demography},
  volume	= {25},
  number	= {2},
  pages		= {265--276},
  year		= {1988}
}

@manual{rcitation,
  title 	= {R: A language and environment for statistical computing},
  author 	= {{R Core Team}},
  year 		= {2018},
  organization 	= {R Foundation for Statistical Computing},
  address	= {Vienna},
  note 		= {URL \url{http://www.r-project.org}}
}

@article{Shkolnikov2003,
  author	= {Shkolnikov, Vladimir M and Andreev, Evgueni E and Begun, Alexander Z},
  title		= {Gini coefficient as a life table function: Computation from discrete data, decomposition of differences and empirical examples},
  journal	= {Demographic Research},
  volume	= {8},
  number	= {11},
  pages		= {305--358},
  year		= {2003}
}

@article{Shkolnikov2011,
  author	= {Shkolnikov, Vladimir M and Andreev, Evgeny M and Zhang, Zhen and Oeppen, James and Vaupel, James W},
  title		= {Losses of expected lifetime in the {U}nited {S}tates and other developed countries: Methods and empirical analyses},
  journal	= {Demography},
  volume	= {48},
  number	= {1},
  pages		= {211--239},
  year		= {2011}
}

@article{Smits2009,
  author	= {Smits, Jeroen and Monden, Christiaan},
  title		= {Length of life inequality around the globe},
  journal	= {Social Science \& Medicine},
  volume	= {68},
  number	= {6},
  pages 	= {1114--1123},
  year 		= {2009}
}

@article{tuljapurkar2011variance,
  title		= {Variance in death and its implications for modeling and forecasting mortality},
  author	= {Tuljapurkar, Shripad and Edwards, Ryan D},
  journal	= {Demographic Research},
  volume	= {24},
  number	= {21},
  pages		= {497--526},
  year		= {2011}
}

@article{vanRaalte2013,
  author	= {van Raalte, Alyson A and Caswell, Hal},
  title		= {Perturbation analysis of indices of lifespan variability},
  journal	= {Demography},
  volume	= {50},
  number	= {5},
  pages		= {1615--1640},
  year		= {2013}
}

@article{vanRaalte2014,
   author = {van Raalte, Alyson A and Martikainen, Pekka and Myrskylä, Mikko},
   title = {Lifespan variation by occupational class: Compression or stagnation over time?},
   journal = {Demography},
   volume = {51},
   number = {1},
   pages = {73-95},
   year = {2014},
   type = {Journal Article}
}

@article{vanraalte2018Science,
  title	={The case for monitoring life-span inequality},
  author	={van Raalte, Alyson A and Sasson, Isaac and Martikainen, Pekka},
  journal	={Science},
  volume={362},
  number={6418},
  pages	={1002--1004},
  year	={2018}
}

@article{Vaupel1986,
  author	= {Vaupel, James W},
  title		= {How change in age-specific mortality affects life expectancy},
  journal	= {Population Studies},
  volume	= {40},
  number	= {1},
  pages		= {147--157},
  year		= {1986}
}

@article{Vaupel2003,
  author	= {Vaupel, James W and Canudas-Romo, Vladimir},
  title		= {Decomposing change in life expectancy: A bouquet of formulas in honor of {N}athan {K}eyfitz's 90th birthday},
  journal	= {Demography},
  volume	= {40},
  number	= {2},
  pages		= {201--216},
  year		= {2003}
}

@article{Vaupel2011,
  author	= {Vaupel, James W and Zhang, Zhen and van Raalte, Alyson A.},
  title		= {Life expectancy and disparity: An international comparison of life table data},
  journal	= {BMJ Open},
  pages		= {bmjopen-2011-000128},
  year		= {2011}
}

@article{Wagner2010,
  author	= {Wagner, Peter},
  title		= {Sensitivity of life disparity with respect to changes in mortality rates},
  journal	= {Demographic Research},
  volume	= {23},
  number	= {3},
  pages		= {63-72},
  year		= {2010}
}

@article{wrycza2014entropy,
  title={Entropy of the {G}ompertz-{M}akeham mortality model},
  author={Wrycza, Tomasz},
  journal={Demographic Research},
  volume={30},
  pages={1397--1404},
  year={2014}
}

@article{Wrycza2015,
  author	= {Wrycza, Tomasz F and Missov, Trifon I and Baudisch, Annette},
  title		= {Quantifying the shape of aging},
  journal	= {PLoS ONE},
  volume	= {10},
  number	= {3},
  pages		= {e0119163},
  year		= {2015}
}

@article{Zhang2009,
  author	= {Zhang, Zhen and Vaupel, James W},
  title		= {The age separating early deaths from late deaths},
  journal	= {Demographic Research},
  volume	= {20},
  number	= {29},
  pages		= {721--730},
  year		= {2009}
}

